@article{everitt1981finite,
  title={Finite mixture distributions Chapman and Hall},
  author={Everitt, BS and Hand, DJ},
  journal={New York},
  year={1981}
}

@article{verbeke1996linear,
  title={A linear mixed-effects model with heterogeneity in the random-effects population},
  author={Verbeke, Geert and Lesaffre, Emmanuel},
  journal={Journal of the American Statistical Association},
  volume={91},
  number={433},
  pages={217--221},
  year={1996},
  publisher={Taylor \& Francis}
}

@article{farewell1982use,
  title={The use of mixture models for the analysis of survival data with long-term survivors},
  author={Farewell, Vernon T},
  journal={Biometrics},
  pages={1041--1046},
  year={1982},
  publisher={JSTOR}
}

@article{muthen1999finite,
  title={Finite mixture modeling with mixture outcomes using the EM algorithm},
  author={Muth{\'e}n, Bengt and Shedden, Kerby},
  journal={Biometrics},
  volume={55},
  number={2},
  pages={463--469},
  year={1999},
  publisher={Wiley Online Library}
}

@article{pauler2000mixture,
  title={A mixture model for longitudinal data with application to assessment of noncompliance},
  author={Pauler, Donna K and Laird, Nan M},
  journal={Biometrics},
  volume={56},
  number={2},
  pages={464--472},
  year={2000},
  publisher={Wiley Online Library}
}

@inproceedings{rasmussen2000infinite,
  title={The infinite Gaussian mixture model},
  author={Rasmussen, Carl Edward},
  booktitle={Advances in neural information processing systems},
  pages={554--560},
  year={2000}
}

@article{maugis2009variable,
  title={Variable selection for clustering with Gaussian mixture models},
  author={Maugis, Cathy and Celeux, Gilles and Martin-Magniette, Marie-Laure},
  journal={Biometrics},
  volume={65},
  number={3},
  pages={701--709},
  year={2009},
  publisher={Wiley Online Library}
}

@article{shen2015inference,
  title={Inference for subgroup analysis with a structured logistic-normal mixture model},
  author={Shen, Juan and He, Xuming},
  journal={Journal of the American Statistical Association},
  volume={110},
  number={509},
  pages={303--312},
  year={2015},
  publisher={Taylor \& Francis}
}

@article{ma2017concave,
  title={A concave pairwise fusion approach to subgroup analysis},
  author={Ma, Shujie and Huang, Jian},
  journal={Journal of the American Statistical Association},
  volume={112},
  number={517},
  pages={410--423},
  year={2017},
  publisher={Taylor \& Francis}
}

@article{boyd2011distributed,
  title={Distributed optimization and statistical learning via the alternating direction method of multipliers},
  author={Boyd, Stephen and Parikh, Neal and Chu, Eric and Peleato, Borja and Eckstein, Jonathan and others},
  journal={Foundations and Trends{\textregistered} in Machine learning},
  volume={3},
  number={1},
  pages={1--122},
  year={2011},
  publisher={Now Publishers, Inc.}
}

@article{neyman1934two,
  title={On the two different aspects of the representative method: the method of stratified sampling and the method of purposive selection},
  author={Neyman, Jerzy},
  journal={Journal of the Royal Statistical Society},
  volume={97},
  number={4},
  pages={558--625},
  year={1934}
}

@article{zhao2019stratified,
  title={A stratified sampling based clustering algorithm for large-scale data},
  author={Zhao, Xingwang and Liang, Jiye and Dang, Chuangyin},
  journal={Knowledge-Based Systems},
  volume={163},
  pages={416--428},
  year={2019},
  publisher={Elsevier}
}

@article{cervellera2018distribution,
  title={Distribution-Preserving Stratified Sampling for Learning Problems},
  author={Cervellera, Cristiano and Macci{\`o}, Danilo},
  journal={IEEE transactions on neural networks and learning systems},
  volume={29},
  number={7},
  pages={2886--2895},
  year={2018},
  publisher={IEEE}
}